<record><leader>00000cas a22000007a 4500</leader><controlfield tag="001">16069445</controlfield><controlfield tag="008">870624d18871922inudn ne      0    0eng d</controlfield><controlfield tag="009">5452</controlfield><datafield ind1=" " ind2=" " tag="010"><subfield code="a">sn 87056276 </subfield></datafield><datafield ind1=" " ind2=" " tag="040"><subfield code="a">NPI</subfield><subfield code="b">eng</subfield><subfield code="c">NPI</subfield><subfield code="d">NPI</subfield></datafield><datafield ind1=" " ind2=" " tag="042"><subfield code="a">msc</subfield></datafield><datafield ind1="0" ind2=" " tag="130"><subfield code="a">Evening news (Michigan City, Ind.)</subfield></datafield><datafield ind1="0" ind2="4" tag="245"><subfield code="a">The evening news.</subfield></datafield><datafield ind1=" " ind2=" " tag="260"><subfield code="a">Michigan City, Ind. :</subfield><subfield code="b">Republican Print Co.,</subfield><subfield code="c">1887-1922.</subfield></datafield><datafield ind1=" " ind2=" " tag="310"><subfield code="a">Daily (except Sun.)</subfield></datafield><datafield ind1="0" ind2=" " tag="362"><subfield code="a">Vol. 1, no. 1 (Aug. 1, 1887)-v. 1, no. 172 (Feb. 18, 1888) ; Feb. 20, 1888-June 8, 1922.</subfield></datafield><datafield ind1=" " ind2=" " tag="752"><subfield code="a">United States</subfield><subfield code="b">Indiana</subfield><subfield code="c">LaPorte</subfield><subfield code="d">Michigan City.</subfield></datafield><datafield ind1="0" ind2="0" tag="785"><subfield code="t">Michigan City news (Michigan City, Ind. : Daily)</subfield><subfield code="w">(DLC)sn 87056277</subfield></datafield></record>